
% Example bib remove when making real one
@MISC{bbcPlebiscito,
   author =       "BBC",
   title =        "Qué dice de Colombia que haya habido 62\% de abstención en el histórico plebiscito por el proceso de paz",
   editor =       "BBC World",
   month =        "October",
   year =         "2016",
   url =          "\url{http://www.bbc.com/mundo/noticias-america-latina-37539590 }",
   note =         "[Online; posted 3-October-2016]",
 }
 
  @MISC{FIPplebiscito,
   authors = "Álvarez-Vanega, Eduardo and Garzón-Vergara, Juan Carlos and Luis Bernal, José",
   title =        "Voting for Peace:Understanding the Victory of “No”",
   editor =       "FIP",
   month =        "October",
   year =         "2016",
   url =         "\url{https://www.wilsoncenter.org/sites/default/files/voting_for_peace_wwc-fip_final_english.pdf }",
   note =         "[Online; posted 20-October-2016]",
 }
 
 
 @MISC{sillavacia,
   author = {LaSillaVacia},
   title =        "Quién es quién - Las conexiones del poder",
   editor =       "La Silla Vacía",
   year =         "2014",
   url =         "\url{https://http://lasillavacia.com/quienesquien }"
 } 
 
 @MISC{Bloomberg,
   author = {Erick Roston},
   title =        "What's Really Warming the World?",
   editor =       "Bloomberg",
   month = 			"June",
   year =         "2014",
   url =         "\url{ http://www.bloomberg.com/graphics/2015-whats-warming-the-world/ }"
 }
 


@misc{Authors14,
 author = {Authors},
 title = {The frobnicatable foo filter},
 note = {Face and Gesture  submission ID 324. Supplied as additional material {\tt fg324.pdf}},
 year = 2014,
 pages = {1,2,18}
}

@misc{Authors14b,
 author = {Authors},
 title = {Frobnication tutorial},
 note = {Supplied as additional material {\tt tr.pdf}},
 year = 2014
}




@article{Alpher02,
author = {A. Alpher},
title = {Frobnication},
journal = {Journal of Foo},
volume = 12, 
number = 1, 
pages = {234--778}, 
year = 2002
}

@article{greenwade93,
    author  = "George D. Greenwade",
    title   = "The {C}omprehensive {T}ex {A}rchive {N}etwork ({CTAN})",
    year    = "1993",
    journal = "TUGBoat",
    volume  = "14",
    number  = "3",
    pages   = "342--351"
}


@article{Alpher03,
author = {A. Alpher and  J.~P.~N. Fotheringham-Smythe},
title = {Frobnication revisited},
journal = {Journal of Foo},
volume = 13, 
number = 1, 
pages = {234--778}, 
year = 2003
}


@online{gnumed_development_team_gnumed-introduction_v4pdf_2005,
	title = {{GNUmed}-introduction\_v4.pdf},
	url = {https://www.gnumed.de/downloads/press/writings/GNUmed-introduction_v4.pdf},
	author = {{GNUmed} Development Team},
	urldate = {2025-10-19},
	date = {2005-03},
	file = {GNUmed-introduction_v4.pdf:C\:\\Users\\maria\\Zotero\\storage\\94UMJLJH\\GNUmed-introduction_v4.pdf:application/pdf},
}


@online{res_medicinae_domainpng_nodate,
	title = {domain.png (927×798)},
	url = {https://resmedicinae.sourceforge.io/analysis/gnumed/domain.png},
	author = {Res Medicinae},
	urldate = {2025-10-19},
}


@article{Alpher04,
author = {A. Alpher and J.~P.~N. Fotheringham-Smythe and G. Gamow},
title = {Can a machine frobnicate?},
journal = {Journal of Foo},
volume = 14, 
number = 1, 
pages = {234--778}, 
year = 2004
}




